@InProceedings{eremeev:srf2019-mop015,
  author       = {G.V. Eremeev and W. Crahen and J. Henry and F. Marhauser and U. Pudasaini and C.E. Reece},
  title        = {{RF Performance Sensitivity to Tuning of Nb3Sn Coated CEBAF Cavities}},
  booktitle    = {Proc. SRF'19},
  pages        = {55--59},
  paper        = {MOP015},
  language     = {english},
  keywords     = {cavity, simulation, SRF, experiment, factory},
  venue        = {Dresden, Germany},
  series       = {International Conference on RF Superconductivity},
  number       = {19},
  publisher    = {JACoW Publishing, Geneva, Switzerland},
  month        = {aug},
  year         = {2019},
  issn         = {""},
  isbn         = {978-3-95450-211-0},
  doi          = {10.18429/JACoW-SRF2019-MOP015},
  url          = {http://jacow.org/srf2019/papers/mop015.pdf},
  note         = {https://doi.org/10.18429/JACoW-SRF2019-MOP015},
}

@article{posen2021advances,
  title={Advances in Nb3Sn superconducting radiofrequency cavities towards first practical accelerator applications},
  author={Posen, Sam and Lee, Jaeyel and Seidman, David N and Romanenko, Alexander and Tennis, Brad and Melnychuk, OS and Sergatskov, DA},
  journal={Superconductor Science and Technology},
  volume={34},
  number={2},
  pages={025007},
  year={2021},
  publisher={IOP Publishing}
}